@misc{nist-bigdatawg,
  author =	 {{NIST}},
  title =	 {Home Page},
  howpublished = {Web Page},
  url =		 https://bigdatawg.nist.gov/show_InputDoc.php
}
}

@misc{wrf-data,
  author =	 {{NCAR}},
  title =	 {WRF Users Page, WPS V4 Geographical Static Data
                  Downloads Page},
  year =	 2022,
  month =	 jan,
  note =	 {[Online; accessed 7. Mar. 2022]},
  url =
                  {https://www2.mmm.ucar.edu/wrf/users/download/get_sources_wps_geog.html}
}

@misc{cisl_rda_ds083.2,
  author =	 "{National Centers for Environmental Prediction,
                  National Weather Service, NOAA, U.S. Department of
                  Commerce}",
  title =	 "NCEP FNL Operational Model Global Tropospheric
                  Analyses, continuing from July 1999",
  publisher =	 "Research Data Archive at the National Center for
                  Atmospheric Research, Computational and Information
                  Systems Laboratory",
  address =	 {Boulder CO},
  year =	 2000,
  url =		 "https://doi.org/10.5065/D6M043C6"
}

@misc{nist-wrf,
author={Wo Chang, Daniel Keirouz},
title={Case Study: Numeric Weather Prediction},
howpublishes={NBD-PWG, Nist Working Group Reports},
month=oct,
year=2020,
NOte={v1}
}

