@patent{wilkinson_1990,
  author        = {J. P. Wilkinson},
  title         = {Nonlinear resonant circuit devices},
  address   = {United States},
  number        = {3 624 125},
  day           = {16},
  month         = {aug},
  year          = {1990},
}
